<record xmlns="http://www.loc.gov/MARC21/slim" xmlns:xsi="http://www.w3.org/2001/XMLSchema-instance" xsi:schemaLocation="http://www.loc.gov/MARC21/slim http://www.loc.gov/standards/marcxml/schema/MARC21slim.xsd"><leader>00037nz   2200037n  4500</leader><controlfield tag="001">DNB|102381291</controlfield><controlfield tag="003">DNB</controlfield><controlfield tag="005">19960808163940.0</controlfield><controlfield tag="008">930416|||az|nnaa|||||||||||| a|aaa|||| d</controlfield><datafield ind1="7" ind2=" " tag="016"><subfield code="a">102381291</subfield><subfield code="2">GyFmDB</subfield></datafield><datafield ind1=" " ind2=" " tag="040"><subfield code="a">0000</subfield><subfield code="b">ger</subfield><subfield code="d">9999</subfield><subfield code="f">RAK-PND</subfield></datafield><datafield ind1="1" ind2=" " tag="045"><subfield code="b">dum 405/398 v. Chr.</subfield></datafield><datafield ind1="0" ind2=" " tag="100"><subfield code="a">Ariphron,</subfield><subfield code="c">Sicyonius</subfield><subfield code="d">um 405/398 v. Chr.</subfield></datafield><datafield ind1="0" ind2=" " tag="400"><subfield code="a">Ariphron,</subfield><subfield code="c">Lyricus</subfield><subfield code="d">um 405/398 v. Chr.</subfield></datafield><datafield ind1="0" ind2=" " tag="400"><subfield code="a">Ariphron,</subfield><subfield code="c">von Sikyon</subfield><subfield code="d">um 405/398 v. Chr.</subfield></datafield><datafield ind1="0" ind2=" " tag="400"><subfield code="a">Ariphron,</subfield><subfield code="c">Hymnendichter</subfield><subfield code="d">um 405/398 v. Chr.</subfield></datafield><datafield ind1="0" ind2=" " tag="400"><subfield code="a">Ariphro,</subfield><subfield code="c">Lyricus</subfield><subfield code="d">um 405/398 v. Chr.</subfield></datafield><datafield ind1="0" ind2=" " tag="400"><subfield code="a">Arifrone,</subfield><subfield code="c">di Sicione</subfield><subfield code="d">um 405/398 v. Chr.</subfield></datafield><datafield ind1="0" ind2=" " tag="400"><subfield code="a">Arifrone,</subfield><subfield code="c">Poeta</subfield><subfield code="d">um 405/398 v. Chr.</subfield></datafield><datafield ind1=" " ind2=" " tag="910"><subfield code="a">HYMNUS AN DIE GOTTIN DER GESUNDHEIT</subfield><subfield code="9">3</subfield></datafield><datafield ind1=" " ind2=" " tag="910"><subfield code="a">ARIPHRONIS SICYONII SCOLION GR CUM DUPL VERSIONE</subfield><subfield code="9">1</subfield></datafield><datafield ind1=" " ind2=" " tag="910"><subfield code="a">ARIPHRONS PAEAN</subfield><subfield code="9">1</subfield></datafield><datafield ind1=" " ind2=" " tag="910"><subfield code="a">HYMNI IN AESCULAPIUM ET SANITATEM</subfield><subfield code="9">1</subfield></datafield><datafield ind1=" " ind2=" " tag="910"><subfield code="a">ARIPHRONIS PAEAN</subfield><subfield code="9">2</subfield></datafield><datafield ind1=" " ind2=" " tag="910"><subfield code="a">LOB DER GESUNDHEIT</subfield><subfield code="9">1</subfield></datafield><datafield ind1=" " ind2=" " tag="922"><subfield code="a">gw</subfield><subfield code="9">8</subfield></datafield><datafield ind1=" " ind2=" " tag="940"><subfield code="a">ger</subfield><subfield code="9">8</subfield></datafield><datafield ind1=" " ind2=" " tag="943"><subfield code="a">179x</subfield><subfield code="9">2</subfield></datafield><datafield ind1=" " ind2=" " tag="943"><subfield code="a">174x</subfield><subfield code="9">1</subfield></datafield><datafield ind1=" " ind2=" " tag="943"><subfield code="a">160x</subfield><subfield code="9">1</subfield></datafield><datafield ind1=" " ind2=" " tag="943"><subfield code="a">154x</subfield><subfield code="9">1</subfield></datafield><datafield ind1=" " ind2=" " tag="943"><subfield code="a">178x</subfield><subfield code="9">1</subfield></datafield><datafield ind1=" " ind2=" " tag="943"><subfield code="a">182x</subfield><subfield code="9">2</subfield></datafield><datafield ind1=" " ind2=" " tag="944"><subfield code="a">am</subfield><subfield code="9">8</subfield></datafield><datafield ind1=" " ind2=" " tag="950"><subfield code="a">STOLBERG STOLBERG CHRISTIAN ZU</subfield><subfield code="9">1</subfield></datafield><datafield ind1=" " ind2=" " tag="950"><subfield code="a">CALCAGNINI CELIO</subfield><subfield code="9">1</subfield></datafield><datafield ind1=" " ind2=" " tag="950"><subfield code="a">OPITZ MARTIN</subfield><subfield code="9">1</subfield></datafield><datafield ind1=" " ind2=" " tag="950"><subfield code="a">HERDER JOHANN GOTTFRIED VON</subfield><subfield code="9">1</subfield></datafield><datafield ind1=" " ind2=" " tag="950"><subfield code="a">CLUDIUS HERMANN HEIMART</subfield><subfield code="9">1</subfield></datafield><datafield ind1=" " ind2=" " tag="950"><subfield code="a">HEINSIUS DANIEL</subfield><subfield code="9">1</subfield></datafield><datafield ind1=" " ind2=" " tag="999"><subfield code="a">BVB|BV004477254</subfield></datafield><datafield ind1=" " ind2=" " tag="999"><subfield code="a">BVB|BV004446009</subfield></datafield><datafield ind1=" " ind2=" " tag="999"><subfield code="a">BVB|BV004446008</subfield></datafield><datafield ind1=" " ind2=" " tag="999"><subfield code="a">BVB|BV004446014</subfield></datafield><datafield ind1=" " ind2=" " tag="999"><subfield code="a">BVB|BV004446010</subfield></datafield><datafield ind1=" " ind2=" " tag="999"><subfield code="a">BVB|BV004446011</subfield></datafield><datafield ind1=" " ind2=" " tag="999"><subfield code="a">BVB|BV004446012</subfield></datafield><datafield ind1=" " ind2=" " tag="999"><subfield code="a">BVB|BV004446013</subfield></datafield></record>